<?xml version="1.0" encoding="UTF-8"?><record xmlns="http://www.loc.gov/MARC21/slim" xmlns:cinclude="http://apache.org/cocoon/include/1.0" xmlns:zs="http://www.loc.gov/zing/srw/">
  <leader>00589cz  a2200133n  4500</leader>
  <controlfield tag="001">n  93062206 </controlfield>
  <controlfield tag="003">DLC</controlfield>
  <controlfield tag="005">20020926075153.0</controlfield>
  <controlfield tag="008">930630n| acannaab           |n aaa      </controlfield>
  <datafield tag="010" ind1=" " ind2=" ">
    <subfield code="a">n  93062206 </subfield>
  </datafield>
  <datafield tag="040" ind1=" " ind2=" ">
    <subfield code="a">DLC</subfield>
    <subfield code="c">DLC</subfield>
    <subfield code="d">DLC</subfield>
  </datafield>
  <datafield tag="100" ind1="1" ind2=" ">
    <subfield code="a">Wiggering, Hubert</subfield>
  </datafield>
  <datafield tag="670" ind1=" " ind2=" ">
    <subfield code="a">Bergehalden des Steinkohlenbergbaus, c1991:</subfield>
    <subfield code="b">t.p. (Hubert Wiggering) t.p. verso (Dr.; UniversitaĚt Gesamthochschule, Essen)</subfield>
  </datafield>
  <datafield tag="670" ind1=" " ind2=" ">
    <subfield code="a">Sustainable development of multifunctional landscapes, c2003:</subfield>
    <subfield code="b">CIP t.p. (Hubert Wiggering) data sh., etc. (b. Jun. 25, 1956; Dr.; Center for Agr. Landscape &amp; Land Res. (ZALF), MuĚchelberg)</subfield>
  </datafield>
</record>